\@book{gost19106,
	address = "М.",
	publisher = "Стандартинформ",
	title = "ГОСТ 19.106-78. ЕСПД. Требования к программным документам, выполненным печатным способом.",
	year = "2005"
}